@misc{webtechgithub,
	author = {Agárdi Anita},
	title = {Webtechnológiák I.},
	howpublished="\url{https://github.com/anitaagardi/web-technologies}",
	year={2021}
}

@misc{w3schools,
	author = {W3Schools},
	title = {W3Schools},
	howpublished="\url{https://www.w3schools.com/}",
	year={2021}
}

@misc{w3schoolsvue,
	author = {W3Schools},
	title = {What is Vue.js?},
	howpublished="\url{https://www.w3schools.com/whatis/whatis_vue.asp}",
	year={2021}
}

@misc{vuecikk,
	author = {Gremmédia},
	title = {Mi az a Vue.js?},
	howpublished="\url{https://ak-akademia.hu/mi-az-a-vue-js/}",
	year={2022}
}

@misc{nodejscikk,
	author = {ITHub},
	title = {Node.js: miért, mikor, és mikor ne?},
	howpublished="\url{https://ithub.hu/blog/post/Nodejs_miert_mikor_es_mikor_ne}",
	year={2017}
}

@misc{angularcikk,
	author = {Angular.io},
	title = {Introduction to Angular concepts},
	howpublished="\url{https://angular.io/guide/architecture}",
	year={2022}
}

@misc{mongodbcikk,
	author = {Dudás Ákos},
	title = {MongoDB alapok, műveletek, és a MongoDB .NET Driver},
	howpublished="\url{https://bmeviauac01.github.io/adatvezerelt/jegyzet/mongodb/}",
	year={2022}
}

@misc{mssqlcikk,
	author = {Education-wiki},
	title = {Mi az SQL Server? Kulcskoncepciók az SQL Server előnyeivel},
	howpublished="\url{https://hu.education-wiki.com/7023109-what-is-sql-server}",
	year={2022}
}

@misc{mysqlcikk,
	author = {Wikipédia},
	title = {MySQL},
	howpublished="\url{https://hu.wikipedia.org/wiki/MySQL}",
	year={2022}
}